@misc{StackOverflowInsights,
  title  = {Stack Overflow Insights | Stack Overflow Annual Developer Survey},
  author = {{Stack Exchange, Inc.}},
  url    = {http://web.archive.org/web/20210815173513/https://insights.stackoverflow.com/survey},
  urldate = {2021-08-29}
}

  
@misc{GoogleTrendsHilfe,
  title  = {Google Trends-Hilfe | Häufig gestellte Fragen zu Google Trends-Daten},
  author = {{Google LLC}},
  url    = {https://web.archive.org/web/20210813173858/https://support.google.com/trends/answer/4365533},
  urldate = {2021-08-29}
}
 

@article{TheUnprovenPath,
  author  = {Spolsky, Joel},
  title   = {How Hard Could It Be?: The Unproven Path},
  journal = {inc.com},
  url     = {http://web.archive.org/web/20081108094045/http://www.inc.com/magazine/20081101/how-hard-could-it-be-the-unproven-path.html},
  month   = {11},
  year    = {2008},
  urldate = {2021-06-02}
}

@misc{TheLastWordOnCordovaAndPhoneGap,
  title   = {The Last Word on Cordova and PhoneGap},
  url     = {https://web.archive.org/web/20210413012559/https://blog.ionicframework.com/what-is-cordova-phonegap/},
  journal = {Ionic Blog},
  author  = {Lynch, Max},
  year    = {2014},
  month   = {Mar},
  urldate = {2021-06-02}
}

@misc{FaqPhoneGapDocs,
  title   = {PhoneGap Docs | FAQ},
  author  = {{Adobe Inc.}},
  url     = {https://web.archive.org/web/20200806024626/http://docs.phonegap.com/phonegap-build/faq/},
  journal = {PhoneGap Docs},
  day     = {18},
  year    = {2016},
  month   = {08},
  urldate = {2021-06-02}
}



@misc{UpdateForCustomersUsingPhoneGapAndPhoneGapBuild,
  title   = {Update for Customers Using PhoneGap and PhoneGap Build},
  author  = {{Adobe Inc.}},
  url     = {https://web.archive.org/web/20200811121213/https://blog.phonegap.com/update-for-customers-using-phonegap-and-phonegap-build-cc701c77502c?gi=df435eca31bb},
  journal = {PhoneGap Blog},
  day     = {10},
  year    = {2020},
  month   = {08},
  urldate = {2021-06-02}
}

@misc{FormsFlutter,
  title  = {Flutter Docs Cookbook |  Forms},
  author = {{Google LLC}},
  url    = {https://web.archive.org/web/20201102003629/https://flutter.dev/docs/cookbook/forms},
  urldate = {2021-06-02}
}

@misc{BuildAFormWithValidation,
  title   = {Build a form with validation},
  author  = {{Google LLC}},
  url     = {https://web.archive.org/web/20210122020924/https://flutter.dev/docs/cookbook/forms/validation},
  journal = {Flutter Docs},
  urldate = {2021-06-02}
}

@misc{ReactNativeDocsTesting,
  title   = {React Native Docs | Testing},
  author  = {{Facebook Inc.}},
  url     = {https://web.archive.org/web/20210430152251/https://reactnative.dev/docs/testing-overview},
  journal = {React Native Docs},
  urldate = {2021-06-02}
}


@misc{TheReactNativeEcosystem,
  title   = {The React Native Ecosystem},
  author  = {{Facebook Inc.}},
  url     = {https://web.archive.org/web/20210602191504/https://github.com/facebook/react-native/blob/d48f7ba748a905818e8c64fe70fe5b24aa098b05/ECOSYSTEM.md},
  journal = {React Native Docs},
  urldate = {2021-06-02}
}

@misc{NativeTestingLibraryIntroduction,
  title   = {Testing Library Docs | Native Testing Library Introduction},
  author  = {Borenkraout, Matan},
  url     = {https://web.archive.org/web/20210128142719/https://testing-library.com/docs/react-native-testing-library/intro/},
  journal = {Testing Library Docs},
  day     = {4},
  year    = {2020},
  month   = {11},
  urldate = {2021-06-02}
}

@misc{ReactNativeFormikDocs,
  title = {Formik Docs | React Native},
  url   = {https://web.archive.org/web/20210507005917if_/https://formik.org/docs/guides/react-native},
  urldate = {2021-06-02}
}

@misc{DoesReduxFormWorkWithReactNative,
  title = {Does redux-form work with React Native?},
  url   = {https://web.archive.org/web/20210602234346/https://redux-form.com/7.3.0/docs/faq/reactnative.md/},
  urldate = {2021-06-02}
}

@misc{ReactNativeReactHookFormGetStarted,
  title = {React Hook Form - Get Started},
  url   = {https://web.archive.org/web/20210523042601if_/https://react-hook-form.com/get-started/},
  urldate = {2021-06-02}
}

@misc{RegisterReactHookFormAPI,
  title = {React Hook Form - API | register},
  url   = {https://web.archive.org/web/20210406032209/https://react-hook-form.com/api/useform/register},
  urldate = {2021-06-02}
}
register
Register Options
validate

@misc{ReduxFormReduxFormAPI,
  title = {Redux Form - API | reduxForm},
  url   = {https://web.archive.org/web/20210506221401/https://redux-form.com/7.4.2/docs/api/reduxform.md/#-code-validate-values-object-props-object-gt-errors-object-code-optional-},
  urldate = {2021-06-02}
}
reduxForm
config
validate 

@misc{FormikComponentFormikDocsAPI,
  title = {Formik Docs API  | <Formik />},
  url   = {https://web.archive.org/web/20210409184616if_/https://formik.org/docs/api/formik},
  urldate = {2021-06-02}
}
Formik Komponente
validate

@misc{MaterialDesignIntroduction,
  title = {Material Design | Introduction},
  url   = {https://material.io/design/introduction},
  urldate = {2021-07-26}
}


@misc{MaterialDesignFloatingActionButton,
  title = {Material Design | floating action button},
  url   = {https://web.archive.org/web/20210208135317if_/https://material.io/components/buttons-floating-action-button},
  urldate = {2021-02-08}
}



@misc{DartProgrammingLanguageSpecification5thedition,
  title  = {Dart Programming Language Specification 5th edition},
  url    = {https://web.archive.org/web/20210702071617/https://dart.dev/guides/language/specifications/DartLangSpec-v2.10.pdf},
  author = {{Google LLC}},
  day    = {09},
  year   = {2021},
  month  = {04}
}

@book{TheJavaLanguageSpecificationJavaSE16Edition,
  title  = {The Java® Language Specification Java SE 16 Edition},
  url    = {https://web.archive.org/web/20210514051033/https://docs.oracle.com/javase/specs/jls/se16/jls16.pdf},
  author = {Gosling, James and Joy, Bill and Steele, Guy and Bracha, Gilad and Buckley, Alex and Smith, Daniel and Bierman, Gavin},
  day    = {12},
  year   = {2021},
  month  = {02}
}

@book{gamma2009entwurfsmuster,
  title     = {Entwurfsmuster: Elemente wiederverwendbarer objektorientierter Software},
  author    = {Gamma, Erich and Helm, Richard and Johnson, Ralph E. and Vlissides, John },
  year      = {2009},
  publisher = {Pearson Deutschland GmbH}
}



@misc{IntroductionToModelViewViewModelPatternForBuildingWPFApps,
  title  = {Introduction to Model/View/ViewModel pattern for building WPF apps},
  url    = {https://web.archive.org/web/20101103111603/http://blogs.msdn.com/b/johngossman/archive/2005/10/08/478683.aspx},
  author = {Gossman, John},
  day    = {08},
  year   = {2005},
  month  = {10}
}


@article{johnson1988designing,
  title     = {Designing reusable classes},
  author    = {Johnson, Ralph E and Foote, Brian},
  journal   = {Journal of object-oriented programming},
  volume    = {1},
  number    = {2},
  pages     = {22--35},
  year      = {1988},
  publisher = {Citeseer}
}

@misc{fowler2005InversionOfControl,
  title   = {InversionOfControl},
  author  = {Fowler, Martin},
  url = {http://web.archive.org/web/20050628234825/https://martinfowler.com/bliki/InversionOfControl.html},
  day     = {26},
  year    = {2005},
  month   = {06}
} 


@misc{fowler2004DependencyInjection,
  title   = {Inversion of Control Containers and the Dependency Injection pattern},
  author  = {Fowler, Martin},
  url = {http://web.archive.org/web/20210707041912/https://martinfowler.com/articles/injection.html},
  day     = {23},
  year    = {2004},
  month   = {01}
} 

  
@misc{DesktopSupportForFlutter,
  title  = {Flutter | Desktop support for Flutter},
  author = {{Google LLC}},
  url    = {https://web.archive.org/web/20210531034514/http://flutter.dev/desktop/},
  urldate = {2021-06-28}
}
 
@misc{WebSupportForFlutter,
  title  = {Flutter | Web support for Flutter},
  author = {{Google LLC}},
  url    = {http://web.archive.org/web/20210506012158/https://flutter.dev/web},
  urldate = {2021-05-06}
}
 @misc{FlutterBeautifulNativeAppsInRecordTime,
  title  = {Flutter | Beautiful native apps in record time},
  author = {{Google LLC}},
  url    = {https://web.archive.org/web/20210630233338/https://flutter.dev/},
  urldate = {2021-06-30}
}

 @misc{IntroductionToWidgets,
  title  = {Flutter | Introduction to widgets},
  author = {{Google LLC}},
  url    = {http://web.archive.org/web/20210603081649/https://flutter.dev/docs/development/ui/widgets-intro},
  urldate = {2021-06-03}
}



@misc{SpreadOperator,
  title  = {Dart | Language tour | spread operator},
  author = {{Google LLC}},
  url    = {https://web.archive.org/web/20210625070139/https://dart.dev/guides/language/language-tour#spread-operator},
  day    = {08},
  year   = {2021},
  month  = {07},
  urldate = {2021-07-08},
}

@book{beck2003test,
  title={Test-driven development: by example},
  author={Beck, Kent},
  year={2003},
  publisher={Addison-Wesley Professional},
  url    = {https://archive.org/details/extremeprogrammi00beck/page/9},
}

@misc{PromiseJavaScriptMDN,
  title={MDN | Promise - JavaScript},
  author={{MDN contributors}},
  day    = {15},
  year   = {2021},
  month  = {05},
  url    = {https://web.archive.org/web/20210516053958/https://developer.mozilla.org/de/docs/Web/JavaScript/Reference/Global_Objects/Promise},
  urldate = {2021-08-06},
}

@misc{DartEffectiveDartStylePREFERusingUnderscore,
  title={Dart | Effective Dart | Style | PREFER using _, __, etc. for unused callback parameters.},
  author = {{Google LLC}},
  url    = {https://web.archive.org/web/20210728114518/https://dart.dev/guides/language/effective-dart/style#prefer-using-_-__-etc-for-unused-callback-parameters},
  urldate = {2021-08-08},
}
@misc{KotlinHighOrderFunctionsAndLambdasUnderscoreForUnusedVariables,
  title={Kotlin | High-order functions and lambdas | Underscore for unused variables},
  author = {{JetBrains s.r.o.}},
  url    = {http://web.archive.org/web/20210331062820if_/https://kotlinlang.org/docs/lambdas.html#underscore-for-unused-variables},
  urldate = {2021-08-08},
}
@misc{DartThePlatforms,
  title={Dart: The platforms},
  author = {{Google LLC}},
  url    = {https://web.archive.org/web/20210719180726/https://dart.dev/overview#platform},
  urldate = {2021-08-09},
}

@misc{Asynchronousprogrammingwithasyncandawait,
  title={Async in 4.5: Worth the Await},
  author = {Bray, Brandon},
  url    = {https://web.archive.org/web/20210702135551/https://devblogs.microsoft.com/dotnet/async-in-4-5-worth-the-await/},
  urldate = {2021-08-09},
  day    = {3},
  year   = {2012},
  month  = {04},
}

@misc{asyncfunctionJavaScriptMDN,
  title={MDN | async function - JavaScript},
  author={{MDN contributors}},
  day    = {08},
  year   = {2021},
  month  = {06},
  url    = {https://web.archive.org/web/20210608034309/https://developer.mozilla.org/de/docs/Web/JavaScript/Reference/Statements/async_function},
  urldate = {2021-08-06},
}


@misc{AddingInteractivityToYourFlutterApp,
  title={Flutter | Adding interactivity to your Flutter app},
  author = {{Google LLC}},
  url    = {https://web.archive.org/web/20210603051020/https://flutter.dev/docs/development/ui/interactive},
  urldate = {2021-08-16},
}

@misc{ProviderARecommendedApproach,
  title={Provider | A recommended approach},
  author = {{Google LLC}},
  url    = {https://web.archive.org/web/20210729143240/https://flutter.dev/docs/development/data-and-backend/state-mgmt/options#provider},
  urldate = {2021-08-16},
}

@misc{GoogleIO18,
  title={Build reactive mobile apps with Flutter (Google I/O '18)},
  author = {{Google LLC}},
  url    = {https://youtu.be/RS36gBEp8OI?t=1657},
  day    = {08},
  year   = {2021},
  month  = {06},
  urldate = {2018-05-10},
}

@misc{TypePromotionOnNullChecks,
  title={Dart | Understanding null safety | Type promotion on null checks},
  author = {Nystrom, Bob},
  url    = {https://web.archive.org/web/20210813113615/https://dart.dev/null-safety/understanding-null-safety#type-promotion-on-null-checks},
  urldate = {2021-08-21},
  year   = {2020},
  month  = {07},
}



@misc{JSONAndSerialization,
  title={Flutter | JSON and serialization},
  author = {{Google LLC}},
  url    = {https://web.archive.org/web/20210723055649/https://flutter.dev/docs/development/data-and-backend/json},
  urldate = {2021-08-22},
}


@misc{StatelessWidget,
  title={Flutter | StatelessWidget class},
  author = {{Google LLC}},
  url    = {http://web.archive.org/web/20210531051546/https://api.flutter.dev/flutter/widgets/StatelessWidget-class.html},
  urldate = {2021-08-27},
}

@misc{InheritedWidget,
  title={Flutter | InheritedWidget class},
  author = {{Google LLC}},
  url    = {http://web.archive.org/web/20210813022207/https://api.flutter.dev/flutter/widgets/InheritedWidget-class.html},
  urldate = {2021-08-27},
}
@misc{HotReload,
  title={Flutter | Hot reload},
  author = {{Google LLC}},
  url    = {http://web.archive.org/web/20210811184729/https://flutter.dev/docs/development/tools/hot-reload},
  urldate = {2021-08-28},
}

@misc{SourceGen,
  title={source_gen},
  author = {{Google LLC}},
  url    = {https://web.archive.org/web/20210812103702/https://pub.dev/packages/source_gen},
  urldate = {2021-08-28},
}
 
@misc{BuiltValueGenerator,
  title={built_value_generator},
  author = {{Google LLC}},
  url    = {https://web.archive.org/web/20210812042530/https://pub.dev/packages/built_value_generator},
  urldate = {2021-08-28},
}
 
@misc{AnnouncingDartTwoDotTwelve,
  title={Announcing Dart 2.12},
  author = {Thomsen, Michael},
  url    = {https://medium.com/dartlang/announcing-dart-2-12-499a6e689c87},
  urldate = {2021-08-28},
  year   = {2021},
  month  = {3},
  day     = {3},
}

@misc{rfc4122,
	series =	{Request for Comments},
	number =	4122,
	howpublished =	{RFC 4122},
	publisher =	{RFC Editor},
	doi =		{10.17487/RFC4122},
	url =		{https://rfc-editor.org/rfc/rfc4122.txt},
        author =	{Paul J. Leach and Rich Salz and Michael H. Mealling},
	title =		{{A Universally Unique IDentifier (UUID) URN Namespace}},
	pagetotal =	32,
	year =		2005,
	month =		jul,
	abstract =	{This specification defines a Uniform Resource Name namespace for UUIDs (Universally Unique IDentifier), also known as GUIDs (Globally Unique IDentifier). A UUID is 128 bits long, and can guarantee uniqueness across space and time. UUIDs were originally used in the Apollo Network Computing System and later in the Open Software Foundation\textbackslash{}'s (OSF) Distributed Computing Environment (DCE), and then in Microsoft Windows platforms. This specification is derived from the DCE specification with the kind permission of the OSF (now known as The Open Group). Information from earlier versions of the DCE specification have been incorporated into this document. {[}STANDARDS-TRACK{]}},
}


@misc{BuiltValueChangelog,
  title={built_value Changelog},
  author = {{Google LLC}},
  url    = {https://web.archive.org/web/20210226045401/https://pub.dev/packages/built_value/changelog#680},
  urldate = {2021-08-29},
}

@misc{NamedConstructors,
  title  = {Dart - Language tour - Named constructors},
  author = {{Google LLC}},
  url    = {https://web.archive.org/web/20210726120223/https://dart.dev/guides/language/language-tour#named-constructors},
  urldate = {2021-08-29},
}

@InProceedings{ElliottHudak97:Fran,
   title        = {Functional Reactive Animation},
   url          = {http://conal.net/papers/icfp97/},
   author       = "Conal Elliott and Paul Hudak",
   booktitle    = "International Conference on Functional Programming",
   year         = 1997
 }

 @misc{FlutterWhereMethod,
  title={Flutter | where method},
  author = {{Google LLC}},
  url    = {http://web.archive.org/web/20210829164822/https://api.flutter.dev/flutter/dart-core/Iterable/where.html},
  urldate = {2021-08-29},
}





@misc{MocksAreNotGeneratedNotInTestFolder,
  title={GitHub | dart-lang | mockito | Mocks are not generated not in test folder},
  author = {{GitHub-Nutzer nt4f04uNd}},
  url    = {http://web.archive.org/web/20210830132721/https://github.com/dart-lang/mockito/issues/429},
  urldate = {2021-08-30},
}
@misc{MocksAreNotGeneratedNotInTestFolderAntwort,
  title={GitHub | dart-lang | mockito | Antwort auf ``Mocks are not generated not in test folder''},
  author = {Johr, Alexander},
  url    = {http://web.archive.org/web/20210830132721/https://github.com/dart-lang/mockito/issues/429#issuecomment-874963390},
  urldate = {2021-08-30},
}



